<record><leader>00000cas a2200000 a 4500</leader><controlfield tag="001">37521943</controlfield><controlfield tag="008">970825d19321932nyuwr ne      0    0eng c</controlfield><datafield ind1=" " ind2=" " tag="010"><subfield code="a">sn 97063642 </subfield></datafield><datafield ind1=" " ind2=" " tag="040"><subfield code="a">NYS</subfield><subfield code="b">eng</subfield><subfield code="c">NYS</subfield><subfield code="d">OCL</subfield><subfield code="d">OCLCQ</subfield><subfield code="d">OCLCF</subfield><subfield code="d">OCLCO</subfield></datafield><datafield ind1="1" ind2=" " tag="029"><subfield code="a">AU@</subfield><subfield code="b">000013434830</subfield></datafield><datafield ind1=" " ind2=" " tag="042"><subfield code="a">pcc</subfield></datafield><datafield ind1=" " ind2=" " tag="043"><subfield code="a">n-us-ny</subfield></datafield><datafield ind1="0" ind2=" " tag="130"><subfield code="a">Bainbridge news (Bainbridge, N.Y. : 1932)</subfield></datafield><datafield ind1="1" ind2="0" tag="245"><subfield code="a">Bainbridge news.</subfield></datafield><datafield ind1=" " ind2=" " tag="260"><subfield code="a">Bainbridge, N.Y. :</subfield><subfield code="b">Bainbridge News Co.</subfield></datafield><datafield ind1=" " ind2=" " tag="300"><subfield code="a">1 v. :</subfield><subfield code="b">ill.</subfield></datafield><datafield ind1=" " ind2=" " tag="310"><subfield code="a">Weekly</subfield></datafield><datafield ind1="1" ind2=" " tag="362"><subfield code="a">Began July 21, 1932; ceased Sept. 15, 1932?</subfield></datafield><datafield ind1=" " ind2=" " tag="500"><subfield code="a">A.B. Kellogg, editor.</subfield></datafield><datafield ind1=" " ind2=" " tag="588"><subfield code="a">Description based on: Vol. 1, no. 3 (Aug. 4, 1932).</subfield></datafield><datafield ind1=" " ind2=" " tag="588"><subfield code="a">Latest issue consulted: Vol. 1, no. 4 (Aug. 11, 1932).</subfield></datafield><datafield ind1=" " ind2="0" tag="651"><subfield code="a">Bainbridge (N.Y.)</subfield><subfield code="v">Newspapers.</subfield></datafield><datafield ind1=" " ind2="0" tag="651"><subfield code="a">Chenango County (N.Y.)</subfield><subfield code="v">Newspapers.</subfield></datafield><datafield ind1=" " ind2="7" tag="655"><subfield code="a">Newspapers.</subfield><subfield code="2">fast</subfield><subfield code="0">(OCoLC)fst01423814</subfield></datafield><datafield ind1=" " ind2="7" tag="651"><subfield code="a">New York (State)</subfield><subfield code="z">Bainbridge.</subfield><subfield code="2">fast</subfield><subfield code="0">(OCoLC)fst01219274</subfield></datafield><datafield ind1=" " ind2="7" tag="651"><subfield code="a">New York (State)</subfield><subfield code="z">Chenango County.</subfield><subfield code="2">fast</subfield><subfield code="0">(OCoLC)fst01219273</subfield></datafield><datafield ind1=" " ind2=" " tag="752"><subfield code="a">United States</subfield><subfield code="b">New York</subfield><subfield code="c">Chenango</subfield><subfield code="d">Bainbridge.</subfield></datafield><datafield ind1="0" ind2="7" tag="785"><subfield code="t">Bainbridge Republican (Bainbridge, N.Y. : 1920)</subfield><subfield code="w">(DLC)sn 86063505</subfield><subfield code="w">(OCoLC)13191194</subfield></datafield><datafield ind1="0" ind2="7" tag="785"><subfield code="t">Bainbridge news and Bainbridge Republican</subfield><subfield code="w">(DLC)sn 88074873</subfield><subfield code="w">(OCoLC)18721514</subfield></datafield></record>